@article{Abbott:1999,
     Author = {Abbott, LF and Dayan, Peter},
     Journal = {Neural computation},
     Number = {1},
     Pages = {91--101},
     Title = {The effect of correlated variability on the accuracy of a population code},
     Volume = {11},
     Year = {1999}}



@article{Ahrens:2013,
     title={Whole-brain functional imaging at cellular resolution using light-sheet microscopy},
     author={Ahrens, Misha B and Orger, Michael B and Robson, Drew N and Li, Jennifer M and Keller, Philipp J},
     journal={Nature methods},
     volume={10},
     number={5},
     pages={413--420},
     year={2013},
     publisher={Nature Publishing Group}}



@article{Alivisatos:2012,
     title={The brain activity map project and the challenge of functional connectomics},
     author={Alivisatos, A Paul and Chun, Miyoung and Church, George M and Greenspan, Ralph J and Roukes, Michael L and Yuste, Rafael},
     journal={Neuron},
     volume={74},
     number={6},
     pages={970--974},
     year={2012},
     publisher={Elsevier}}
     


@article{Alivisatos:2013,
     title={The brain activity map},
     author={Alivisatos, A Paul and Chun, Miyoung and Church, George M and Deisseroth, Karl and Donoghue, John P and Greenspan, Ralph J and McEuen, Paul L and Roukes, M and Sejnowski, Terrence J and Weiss, Paul S and others},
     journal={Science},
     volume={339},
     number={6125},
     pages={1284--1285},
     year={2013},
     publisher={American Association for the Advancement of Science}
}


@article{Arlot:2010,
     title={A survey of cross-validation procedures for model selection},
     author={Arlot, Sylvain and Celisse, Alain},
     journal={Statistics Surveys},
     volume={4},
     pages={40--79},
     year={2010},
     publisher={The author, under a Creative Commons Attribution License}
}

@article{Averbeck:2006,
    Author = {Averbeck, Bruno B and Latham, Peter E and Pouget, Alexandre},
    Journal = {Nat Rev Neurosci},
    Month = {May},
    Number = {5},
    Pages = {358--366},
    Title = {Neural correlations, population coding and computation.},
    Volume = {7},
    Year = {2006}}


@article{Baker:2012,
    Author = {Baker, Pamela M and Bair, Wyeth},
    Journal = {J Neurosci},
	Month = {Jun},
	Number = {26},
	Pages = {8800-16},
	Title = {Inter-neuronal correlation distinguishes mechanisms of direction selectivity in cortical circuit models},
	Volume = {32},
	Year = {2012}}


@article{Banerjee:2008,
    Author = {Banerjee, O. and El Ghaoui, L. and d'Aspremont, A.},
	Journal = {The Journal of Machine Learning Research},
	Pages = {485--516},
	Title = {Model selection through sparse maximum likelihood estimation for multivariate gaussian or binary data},
	Volume = {9},
	Year = {2008}}
    
    
@article{Ben:1995,
  title={Theory of orientation tuning in visual cortex},
  author={Ben-Yishai, R. and Bar-Or, R.L. and Sompolinsky, H.},
  journal={Proceedings of the National Academy of Sciences},
  volume={92},
  number={9},
  pages={3844--3848},
  year={1995},
  publisher={National Acad Sciences}}
    

@article{Berens:2011,
    Author = {Berens, Philipp and Ecker, Alexander S and Gerwinn, Sebastian and Tolias, Andreas S and Bethge, Matthias},
    Journal = {Proc Natl Acad Sci U S A},
    Month = {Mar},
    Number = {11},
    Pages = {4423-8},
    Title = {Reassessing optimal neural population codes with neurometric functions},
    Volume = {108},
    Year = {2011}}


@article{Bonin:2011,
    Author = {Bonin, Vincent and Histed, Mark H and Yurgenson, Sergey and Reid, R Clay},
	Journal = {J Neurosci},
	Month = {Dec},
	Number = {50},
	Pages = {18506-21},
	Title = {Local diversity and fine-scale organization of receptive fields in mouse visual cortex},
	Volume = {31},
	Year = {2011}}


@article{Brown:2004,
    Author = {Brown, Emery N and Kass, Robert E and Mitra, Partha P},
    Journal = {Nat Neurosci},
    Month = {May},
    Number = {5},
    Pages = {456-61},
    Title = {Multiple neural spike train data analysis: state-of-the-art and future challenges},
    Volume = {7},
    Year = {2004}}


@article{Buonomano:2009,
    title={State-dependent computations: spatiotemporal processing in cortical networks},
    author={Buonomano, Dean V and Maass, Wolfgang},
    journal={Nature Reviews Neuroscience},
    volume={10},
    number={2},
    pages={113--125},
    year={2009},
    publisher={Nature Publishing Group}}


@article{Cohen:2011,
    Author = {Cohen, Marlene R and Kohn, Adam},
    Journal = {Nature neuroscience},
    Number = {7},
    Pages = {811--819},
    Title = {Measuring and interpreting neuronal correlations},
    Volume = {14},
    Year = {2011}}


@article{Cotton:2013,
    Author = {Cotton, R James and Froudarakis, Emmanouil and Saggau, Peter and Tolias, Andreas S},
    Journal = {Frontiers in Computational Neuroscience},
    Number = {},
    Pages = {},
    Title = {The in vivo {AOD} paper},
    Volume = {},
    Year = {2013}}


@article{Dempster:1972,
  title={Covariance selection},
  author={Dempster, A.P.},
  journal={Biometrics},
  pages={157--175},
  year={1972},
  publisher={JSTOR}}


@article{Denman:2013,
    Author = {Denman, Daniel J and Contreras, Diego},
    Journal = {Cereb Cortex},
    Month = {May},
    Title = {The Structure of Pairwise Correlation in Mouse Primary Visual Cortex Reveals Functional Organization in the Absence of an Orientation Map},
    Year = {2013}}


@article{Ecker:2010,
    Author = {Alexander S. Ecker and Philipp Berens and Georgios A. Keliris and Matthias Bethge and Nikos K. Logothetis and Andreas S. Tolias},
    Journal = {Science},
    Month = {January},
    Number = {5965},
    Pages = {584-587},
    Title = {Decorrelated Neuronal Firing in Cortical Microcircuits},
    Volume = {327},
    Year = {2010}}



@article{Fan:2008,
    title={High dimensional covariance matrix estimation using a factor model},
    author={Fan, Jianqing and Fan, Yingying and Lv, Jinchi},
    journal={Journal of Econometrics},
    volume={147},
    number={1},
    pages={186--197},
    year={2008},
    publisher={Elsevier}}



@article{Friedman:2008,
    Author = {Friedman, J. and Hastie, T. and Tibshirani, R.},
	Journal = {Biostatistics},
	Number = {3},
	Pages = {432--441},
	Title = {Sparse inverse covariance estimation with the graphical lasso},
	Volume = {9},
	Year = {2008}}

    
@article{Feldt:2011,
    Author = {Feldt, Sarah and Bonifazi, Paolo and Cossart, Rosa},
    Journal = {Trends in neurosciences},
    Number = {5},
    Pages = {225--236},
    Title = {Dissecting functional connectivity of neuronal microcircuits: experimental and theoretical insights},
    Volume = {34},
    Year = {2011}}


@article{Ganmor:2011,
    Author = {Ganmor, Elad and Segev, Ronen and Schneidman, Elad},
	Journal = {Proc Natl Acad Sci U S A},
	Month = {Jun},
	Number = {23},
	Pages = {9679-84},
	Title = {Sparse low-order interaction network underlies a highly correlated and learnable neural population code},
	Volume = {108},
	Year = {2011}}


@article{Granot:2012,
    Author = {Granot-Atedgi, E. and Tka{\v{c}}ik, G. and Segev, R. and Schneidman, E.},
    Journal = {arXiv preprint arXiv:1205.6438},
    Title = {Stimulus-dependent maximum entropy models of neural population codes},
    Year = {2012}}


@article{Golshani:2009,
    Author = {Golshani, Peyman and Gon{\c c}alves, J Tiago and Khoshkhoo, Sattar and Mostany, Ricardo and Smirnakis, Stelios and Portera-Cailliau, Carlos},
    Journal = {J Neurosci},
    Month = {Sep},
    Number = {35},
    Pages = {10890-9},
    Title = {Internally mediated developmental desynchronization of neocortical network activity},
    Volume = {29},
    Year = {2009}}


@article{Goard:2009,
    Author = {Goard, Michael and Dan, Yang},
    Journal = {Nat Neurosci},
    Month = {Nov},
    Number = {11},
    Pages = {1444-9},
    Title = {Basal forebrain activation enhances cortical coding of natural scenes},
    Volume = {12},
    Year = {2009}}


@inproceedings{James:1961,
    title={Estimation with quadratic loss},
    author={James, William and Stein, Charles},
    booktitle={Proceedings of the fourth Berkeley symposium on mathematical statistics and probability},
    volume={1},
    number={1961},
    pages={361--379},
    year={1961}}

@article{Katona:2012,
     Author = {Katona, Gergely and Szalay, Gergely and Ma{\'a}k, P{\'a}l and Kasz{\'a}s, Attila and Veress, M{\'a}t{\'e} and Hillier, D{\'a}niel and Chiovini, Bal{\'a}zs and Vizi, E Sylvester and Roska, Botond and R{\'o}zsa, Bal{\'a}zs},
     Journal = {Nat Methods},
     Month = {Jan},
     Title = {Fast two-photon in vivo imaging with three-dimensional random-access scanning in large tissue volumes},
     Year = {2012}}


@article{Ko:2011,
    Author = {Ko, Ho and Hofer, Sonja B and Pichler, Bruno and Buchanan, Katherine A and Sj{\"o}str{\"o}m, P Jesper and Mrsic-Flogel, Thomas D},
    Journal = {Nature},
    Month = {05},
    Number = {7345},
    Pages = {87--91},
    Title = {Functional specificity of local synaptic connections in neocortical networks},
    Volume = {473},
    Year = {2011}}


@book{Koller:2009,
    title={Probabilistic graphical models: principles and techniques},
    author={Koller, D. and Friedman, N.},
    year={2009},
    publisher={MIT press}}

  
@article{Kohn:2005,
    Author = {Kohn, Adam and Smith, Matthew A},
    Journal = {J Neurosci},
    Month = {Apr},
    Number = {14},
    Pages = {3661-73},
    Title = {Stimulus dependence of neuronal correlation in primary visual cortex of the macaque},
    Volume = {25},
    Year = {2005}}


@article{Kohn:2009,
     Author = {Kohn, Adam and Zandvakili, Amin and Smith, Matthew A},
     Journal = {Curr Opin Neurobiol},
     Month = {Aug},
     Number = {4},
     Pages = {434-8},
     Title = {Correlations and brain states: from electrophysiology to functional imaging},
     Volume = {19},
     Year = {2009}}


@article{Ledoit:2004,
     title={A well-conditioned estimator for large-dimensional covariance matrices},
     author={Ledoit, Olivier and Wolf, Michael},
     journal={Journal of multivariate analysis},
     volume={88},
     number={2},
     pages={365--411},
     year={2004},
     publisher={Elsevier}}



@article{Leung:2013,
    title={Imaging zebrafish neural circuitry from whole brain to synapse},
    author={Leung, Louis C and Wang, Gordon X and Mourrain, Philippe},
    journal={Frontiers in neural circuits},
    volume={7},
    year={2013},
    publisher={Frontiers Media SA}}



@article{Macke:2011,
    Author = {Macke, Jakob H and Opper, Manfred and Bethge, Matthias},
	Journal = {Phys Rev Lett},
	Month = {May},
	Number = {20},
	Pages = {208102},
	Title = {Common input explains higher-order correlations and entropy in a simple model of neural population activity},
	Volume = {106},
	Year = {2011}}


@article{Malmersjo:2013,
    Author = {Malmersj{\"o}, Seth and Rebellato, Paola and Smedler, Erik and Planert, Henrike and Kanatani, Shigeaki and Liste, Isabel and Nanou, Evanthia and Sunner, Hampus and Abdelhady, Shaimaa and Zhang, Songbai and others},
    Journal = {Proceedings of the National Academy of Sciences},
    Number = {16},
    Pages = {E1524--E1532},
    Title = {Neural progenitors organize in small-world networks to promote cell proliferation},
    Volume = {110},
    Year = {2013}}


@article{Meinshausen:2006,
  title={High-dimensional graphs and variable selection with the lasso},
  author={Meinshausen, N. and B{\"u}hlmann, P.},
  journal={The Annals of Statistics},
  volume={34},
  number={3},
  pages={1436--1462},
  year={2006},
  publisher={Institute of Mathematical Statistics}}


@article{Ohiorhenuan:2010,
    Author = {Ohiorhenuan, Ifije E and Mechler, Ferenc and Purpura, Keith P and Schmid, Anita M and Hu, Qin and Victor, Jonathan D},
	Journal = {Nature},
	Month = {Jul},
	Number = {7306},
	Pages = {617-21},
	Title = {Sparse coding and high-order correlations in fine-scale cortical networks},
	Volume = {466},
	Year = {2010}}
    
    
@article{Ohiorhenuan:2011,
    Author = {Ohiorhenuan, I.E. and Victor, J.D.},
	Journal = {Journal of computational neuroscience},
	Number = {1},
	Pages = {125--141},
	Title = {Information-geometric measure of 3-neuron firing patterns characterizes scale-dependence in cortical networks},
	Volume = {30},
	Year = {2011}}
    
    
@article{Okun:2012,
    Author = {Okun, Michael and Yger, Pierre and Marguet, Stephan L and Gerard-Mercier, Florian and Benucci, Andrea and Katzner, Steffen and Busse, Laura and Carandini, Matteo and Harris, Kenneth D},
	Journal = {J Neurosci},
	Month = {Nov},
	Number = {48},
	Pages = {17108-19},
	Title = {Population rate dynamics and multineuron firing patterns in sensory cortex},
	Volume = {32},
	Year = {2012}}


@article{Onken:2012,
    Author = {Onken, A. and Dragoi, V. and Obermayer, K.},
	Journal = {PLoS Computational Biology},
	Number = {6},
	Pages = {e1002539},
	Title = {A Maximum Entropy Test for Evaluating Higher-Order Correlations in Spike Counts},
	Volume = {8},
	Year = {2012}}


@article{Ostojic:2009,
    Author = {Ostojic, Srdjan and Brunel, Nicolas and Hakim, Vincent},
    Journal = {The Journal of Neuroscience},
    Number = {33},
    Pages = {10234--10253},
    Title = {How connectivity, background activity, and synaptic properties shape the cross-correlation between spike trains},
    Volume = {29},
    Year = {2009}}


@article{Perkel:1967b,
    Author = {Perkel, Donald H and Gerstein, George L and Moore, George P},
    Journal = {Biophysical journal},
    Number = {4},
    Pages = {419--440},
    Title = {Neuronal spike trains and stochastic point processes: {II}. Simultaneous spike trains},
    Volume = {7},
    Year = {1967}}


@article{Pernice:2011,
    Author = {Pernice, Volker and Staude, Benjamin and Cardanobile, Stefano and Rotter, Stefan},
    Journal = {PLoS computational biology},
    Number = {5},
    Pages = {e1002059},
    Title = {How structure determines correlations in neuronal networks},
    Volume = {7},
    Year = {2011}}


@article{Pillow:2008,
    title={Spatio-temporal correlations and visual signalling in a complete neuronal population},
    author={Pillow, Jonathan W and Shlens, Jonathon and Paninski, Liam and Sher, Alexander and Litke, Alan M and Chichilnisky, EJ and Simoncelli, Eero P},
    journal={Nature},
    volume={454},
    number={7207},
    pages={995--999},
    year={2008},
    publisher={Nature Publishing Group}}


@article{Reid:2012,
    Author = {Reid, R Clay},
    Journal = {Neuron},
    Number = {2},
    Pages = {209--217},
    Title = {From functional architecture to functional connectomics},
    Volume = {75},
    Year = {2012}}



@article{Rosenbaum:2010,
    Author = {Rosenbaum, Robert J and Trousdale, James and Josi{\'c}, Kre{\v{s}}imir},
    Journal = {Frontiers in computational neuroscience},
    Title = {Pooling and correlated neural activity},
    Volume = {4},
    Year = {2010}}


@article{Rothman:2008,
    title={Sparse permutation invariant covariance estimation},
    author={Rothman, Adam J and Bickel, Peter J and Levina, Elizaveta and Zhu, Ji},
    journal={Electronic Journal of Statistics},
    volume={2},
    pages={494--515},
    year={2008},
    publisher={Institute of Mathematical Statistics}}


@article{Reddy:2005,
    Author = {Reddy, Gaddum Duemani and Saggau, Peter},
    Journal = {J Biomed Opt},
    Number = {6},
    Pages = {064038},
    Title = {Fast three-dimensional laser scanning scheme using acousto-optic deflectors.},
    Volume = {10},
    Year = {2005}}


@article{Renart:2010,
     Author = {Renart, Alfonso and de la Rocha, Jaime and Bartho, Peter and Hollender, Liad and Parga, N{\'e}stor and Reyes, Alex and Harris, Kenneth D},
     Journal = {Science},
     Month = {Jan},
     Number = {5965},
     Pages = {587-90},
     Title = {The asynchronous state in cortical circuits},
     Volume = {327},
     Year = {2010}}


@article{Rosenbaum:2011,
    Author = {Rosenbaum, Robert and Josi{\'c}, Kre{\v{s}}imir},
    Journal = {Neural computation},
    Number = {5},
    Pages = {1261--1305},
    Title = {Mechanisms that modulate the transfer of spiking correlations},
    Volume = {23},
    Year = {2011}}


@article{Salinas:2001,
     Author = {Salinas, Emilio and Sejnowski, Terrence J},
     Journal = {Nature Reviews Neuroscience},
     Number = {8},
     Pages = {539--550},
     Title = {Correlated neuronal activity and the flow of neural information},
     Volume = {2},
     Year = {2001}}



@article{Schafer:2005,
     title={A shrinkage approach to large-scale covariance matrix estimation and implications for functional genomics},
     author={Sch{\"a}fer, Juliane and Strimmer, Korbinian and others},
     journal={Statistical applications in genetics and molecular biology},
     volume={4},
     number={1},
     pages={32},
     year={2005}}


@article{Schneidman:2006,
    Author = {Schneidman, Elad and Berry, 2nd, Michael J and Segev, Ronen and Bialek, William},
	Journal = {Nature},
	Month = {Apr},
	Number = {7087},
	Pages = {1007-12},
	Title = {Weak pairwise correlations imply strongly correlated network states in a neural population},
	Volume = {440},
	Year = {2006}}


@article{Schwarz:1978,
    title={Estimating the dimension of a model},
    author={Schwarz, G.},
    journal={The annals of statistics},
    volume={6},
    number={2},
    pages={461--464},
    year={1978},
    publisher={Institute of Mathematical Statistics}
}


@article{Shadlen:1998,
   Author = {Shadlen, M N and Newsome, W T},
   Journal = {J Neurosci},
   Month = {May},
   Number = {10},
   Pages = {3870-96},
   Title = {The variable discharge of cortical neurons: implications for connectivity, computation, and information coding},
   Volume = {18},
   Year = {1998}}


@article{Shlens:2009,
    Author = {Shlens, Jonathon and Field, Greg D and Gauthier, Jeffrey L and Greschner, Martin and Sher, Alexander and Litke, Alan M and Chichilnisky, E J},
	Journal = {J Neurosci},
	Month = {Apr},
	Number = {15},
	Pages = {5022-31},
	Title = {The structure of large-scale synchronized firing in primate retina},
	Volume = {29},
	Year = {2009}}



@article{Smith:2008,
    Author = {Smith, Matthew A and Kohn, Adam},
    Journal = {J Neurosci},
    Month = {November},
    Number = {48},
    Pages = {12591--12603},
    Title = {Spatial and temporal scales of neuronal correlation in primary visual cortex.},
    Volume = {28},
    Year = {2008}}


@article{Smith:2013,
    Author = {Smith, Matthew A and Jia, Xiaoxuan and Zandvakili, Amin and Kohn, Adam},
    Journal = {Journal of neurophysiology},
    Number = {4},
    Pages = {940--947},
    Title = {Laminar dependence of neuronal correlations in visual cortex},
    Volume = {109},
    Year = {2013}}


@inproceedings{Stein:1956,
    title={Inadmissibility of the usual estimator for the mean of a multivariate normal distribution},
    author={Stein, Charles},
    booktitle={Proceedings of the Third Berkeley symposium on mathematical statistics and probability},
    volume={1},
    number={399},
    pages={197--206},
    year={1956}
    }


@article{Tang:2008,
    Author = {Tang, Aonan and Jackson, David and Hobbs, Jon and Chen, Wei and Smith, Jodi L and Patel, Hema and Prieto, Anita and Petrusca, Dumitru and Grivich, Matthew I and Sher, Alexander and Hottowy, Pawel and Dabrowski, Wladyslaw and Litke, Alan M and Beggs, John M},
	Journal = {J Neurosci},
	Month = {Jan},
	Number = {2},
	Pages = {505-18},
	Title = {A maximum entropy model applied to spatial and temporal correlations from cortical networks in vitro},
	Volume = {28},
	Year = {2008}}


@article{Tkacik:2006,
    Author = {Tkacik, G. and Schneidman, E. and Berry, II and Michael, J. and Bialek, W.},
    Journal = {arXiv preprint q-bio/0611072},
	Title = {Ising models for networks of real neurons},
	Year = {2006}}


@article{Tkacik:2009,
    Author = {Tkacik, G. and Schneidman, E. and Berry, II and Michael, J. and Bialek, W.},
    Journal = {arXiv preprint arXiv:0912.5409},
    Title = {Spin glass models for a network of real neurons},
    Year = {2009}}


@article{Tkacik:2010,
    Author = {Tkacik, Gasper and Prentice, Jason S and Balasubramanian, Vijay and Schneidman, Elad},
    Journal = {Proc Natl Acad Sci U S A},
    Month = {Aug},
    Number = {32},
    Pages = {14419-24},
    Title = {Optimal population coding by noisy spiking neurons},
    Volume = {107},
    Year = {2010}}


@article{Tkacik:2012,
    Author = {Tkacik, G. and Marre, O. and Mora, T. and Amodei, D. and Berry, II and Michael, J. and Bialek, W.},
	Journal = {arXiv preprint arXiv:1207.6319},
	Title = {The simplest maximum entropy model for collective behavior in a neural network},
	Year = {2012}}



@article{Tkacik:2013,
    Author = {Tka{\v{c}}ik, Ga{\v{s}}per and Marre, Olivier and Amodei, Dario and Schneidman, Elad and Bialek, William and Berry, II and Michael, J},
    Journal = {arXiv preprint arXiv:1306.3061},
    Title = {Searching for collective behavior in a network of real neurons},
    Year = {2013}}


@article{Vogels:2005,
    Author = {Vogels, Tim P and Abbott, L F},
	Journal = {J Neurosci},
	Month = {Nov},
	Number = {46},
	Pages = {10786-95},
	Title = {Signal propagation and logic gating in networks of integrate-and-fire neurons},
	Volume = {25},
	Year = {2005}}


@article{Yu:2008,
    Author = {Yu, Shan and Huang, Debin and Singer, Wolf and Nikolic, Danko},
	Journal = {Cereb Cortex},
	Month = {Dec},
	Number = {12},
	Pages = {2891-901},
	Title = {A small world of neuronal synchrony},
	Volume = {18},
	Year = {2008}}


@article{Yu:2009,
    title={Gaussian-process factor analysis for low-dimensional single-trial analysis of neural population activity},
    author={Yu, Byron M and Cunningham, John P and Santhanam, Gopal and Ryu, Stephen I and Shenoy, Krishna V and Sahani, Maneesh},
    journal={Journal of neurophysiology},
    volume={102},
    number={1},
    pages={614--635},
    year={2009},
    publisher={Am Physiological Soc}}


@article{Zohary:1994,
    Author = {Zohary, E and Shadlen, M N and Newsome, W T},
    Journal = {Nature},
    Month = {July},
    Number = {6485},
    Pages = {140--143},
    Title = {Correlated neuronal discharge rate and its implications for psychophysical performance.},
    Volume = {370},
    Year = {1994}}


@article{Zhu:1997,
	Author = {Zhu, S.C. and Wu, Y.N. and Mumford, D.},
	Journal = {Neural Computation},
	Number = {8},
	Pages = {1627--1660},
	Title = {Minimax entropy principle and its application to texture modeling},
	Volume = {9},
	Year = {1997}}

